<record xmlns="http://www.loc.gov/MARC21/slim" xmlns:xsi="http://www.w3.org/2001/XMLSchema-instance" xsi:schemaLocation="http://www.loc.gov/MARC21/slim http://www.loc.gov/standards/marcxml/schema/MARC21slim.xsd"><leader>00767cz   2200193n  4500</leader><controlfield tag="001">oca00637246 </controlfield><controlfield tag="005">20021213071322.0</controlfield><controlfield tag="008">811014n| acannaabn          |a aaa      </controlfield><datafield ind1=" " ind2=" " tag="010"><subfield code="a">n  81092056 </subfield><subfield code="z">n  85827517 </subfield></datafield><datafield ind1=" " ind2=" " tag="040"><subfield code="a">DLC</subfield><subfield code="b">eng</subfield><subfield code="c">DLC</subfield><subfield code="d">DLC</subfield><subfield code="d">OCoLC</subfield><subfield code="d">InU</subfield></datafield><datafield ind1="1" ind2=" " tag="100"><subfield code="a">Gargilius Martialis, Quintus</subfield></datafield><datafield ind1="1" ind2=" " tag="400"><subfield code="a">Martialis, Gargilius</subfield></datafield><datafield ind1="1" ind2=" " tag="400"><subfield code="a">Marziale, Gargilio</subfield></datafield><datafield ind1="1" ind2=" " tag="400"><subfield code="a">Gargilius, Q. Martialis</subfield><subfield code="q">(Quintus Martialis)</subfield></datafield><datafield ind1="1" ind2=" " tag="400"><subfield code="a">Gargilius, Quintus Martialis</subfield></datafield><datafield ind1=" " ind2=" " tag="670"><subfield code="a">Les remeÌ&#x80;des tireÌ&#x81;s des leÌ&#x81;gumes et des fruits, 2002:</subfield><subfield code="b">t.p. (Gargilius Martialis)</subfield></datafield><datafield ind1=" " ind2=" " tag="670"><subfield code="a">Encic. ital.</subfield><subfield code="b">(Marziale, Gargilio (Q. Gargilius Martialis))</subfield></datafield><datafield ind1=" " ind2=" " tag="670"><subfield code="a">Der kleine Pauly</subfield><subfield code="b">(Gargilius, Q. Martialis)</subfield></datafield><datafield ind1=" " ind2=" " tag="670"><subfield code="a">Seyyfert, O. Dict. of classical antiq., 1956</subfield><subfield code="b">(Gargilius Martialis)</subfield></datafield></record>